<collection xmlns="http://www.loc.gov/MARC21/slim">
<record>
  <leader>01492nam0a2200265 i 450 </leader>
  <controlfield tag="001">IT\ICCU\CNCE\049462</controlfield>
  <controlfield tag="005">20111216000000.0</controlfield>
  <datafield tag="012" ind1=" " ind2=" ">
    <subfield code="a">itte leut itue unni (C) 1544 (R)</subfield>
    <subfield code="2">fei</subfield>
  </datafield>
  <datafield tag="100" ind1=" " ind2=" ">
    <subfield code="a">19991027d1544        0itac0103    ba</subfield>
  </datafield>
  <datafield tag="101" ind1=" " ind2=" ">
    <subfield code="a">LAT</subfield>
  </datafield>
  <datafield tag="102" ind1=" " ind2=" ">
    <subfield code="a">IT</subfield>
  </datafield>
  <datafield tag="200" ind1="1" ind2=" ">
    <subfield code="a">℗Nascimbeni Nascimbenii Ferrariensis ℗Scipio minor: seu de iuuentute ad illustriss. principem Franciscum Gonzagam Mantuae ducem libellus. Eiusdem Odes ad illustriss. Herculem Mantuae cardinalem digniss</subfield>
  </datafield>
  <datafield tag="210" ind1=" " ind2=" ">
    <subfield code="a">\Bologna</subfield>
    <subfield code="c">Bartolomeo Bonardo &amp; Marco Antonio Groscio!</subfield>
    <subfield code="e">Bononiae</subfield>
    <subfield code="g">Bartholomaeus Bonardus</subfield>
    <subfield code="h">et Marcus Antonius Groscius excudebant</subfield>
    <subfield code="h">XX die Nouembris 1544</subfield>
  </datafield>
  <datafield tag="215" ind1=" " ind2=" ">
    <subfield code="a">\44! c.</subfield>
    <subfield code="d">8ʻ</subfield>
  </datafield>
  <datafield tag="620" ind1=" " ind2=" ">
    <subfield code="a">IT</subfield>
    <subfield code="d">Bologna</subfield>
  </datafield>
  <datafield tag="700" ind1=" " ind2="1">
    <subfield code="a">Nascimbeni,</subfield>
    <subfield code="b">Nascimbene</subfield>
    <subfield code="3">IT\ICCU\CNCA\010601</subfield>
  </datafield>
  <datafield tag="712" ind1="0" ind2="0">
    <subfield code="a">Bonardo, Bartolomeo &amp; Grossi, Marcantonio</subfield>
    <subfield code="3">IT\ICCU\CNCT\000353</subfield>
    <subfield code="4">650</subfield>
  </datafield>
  <datafield tag="790" ind1=" " ind2="1">
    <subfield code="a">Nascimbaenius,</subfield>
    <subfield code="b">Nascimbaenus</subfield>
    <subfield code="3">IT\ICCU\CNCA\021508</subfield>
    <subfield code="z">Nascimbeni, Nascimbene</subfield>
  </datafield>
  <datafield tag="801" ind1=" " ind2="3">
    <subfield code="a">IT</subfield>
    <subfield code="b">ICCU</subfield>
    <subfield code="c">20201115</subfield>
  </datafield>
  <datafield tag="899" ind1=" " ind2=" ">
    <subfield code="a">Biblioteca comunale Ariostea. Ferrara</subfield>
    <subfield code="1">FE0017</subfield>
    <subfield code="2">UFE AR</subfield>
  </datafield>
  <datafield tag="899" ind1=" " ind2=" ">
    <subfield code="a">Biblioteca comunale Teresiana. Mantova</subfield>
    <subfield code="1">MN0035</subfield>
    <subfield code="2">LO1 12</subfield>
  </datafield>
  <datafield tag="899" ind1=" " ind2=" ">
    <subfield code="a">Biblioteca centrale dell&apos;Area umanistica dell&apos;Universit ̉degli studi di Urbino. Urbino</subfield>
    <subfield code="1">PU0206</subfield>
    <subfield code="2">URB AU</subfield>
  </datafield>
  <datafield tag="899" ind1=" " ind2=" ">
    <subfield code="a">Biblioteca dell&apos;Accademia nazionale dei Lincei e Corsiniana. Roma</subfield>
    <subfield code="1">RM0418</subfield>
    <subfield code="2">RML 10</subfield>
  </datafield>
  <datafield tag="911" ind1=" " ind2=" ">
    <subfield code="a">su front. e coloph.</subfield>
    <subfield code="9">IT\ICCU\CNCM\001481</subfield>
  </datafield>
  <datafield tag="921" ind1=" " ind2=" ">
    <subfield code="a">IT\ICCU\CNCM\001481</subfield>
    <subfield code="b">Toro e cigno all&apos;ombra di una palma</subfield>
    <subfield code="c">U405</subfield>
    <subfield code="d">Dimensioni: 5,5 x 7</subfield>
    <subfield code="f">TORO</subfield>
    <subfield code="f">CIGNO</subfield>
    <subfield code="f">PALMA</subfield>
    <subfield code="g">1543-1549</subfield>
  </datafield>
</record>
</collection>
